
@inbook{floyd_2007_lgebra,
  author = {Floyd, Thomas},
  editor = {Júnior, Antonio Pertence},
  publisher = {Bookman},
  title = {Álgebra Booleana e Simplificação Lógica},
  year = {2007},
  organization = {Sistemas Digitais: Fundamentos E Aplicações},
  series = {Sistemas Digitais: Fundamentos E Aplicações}
}


@book{gates1995,
  author    = {Bill Gates},
  title     = {The Road Ahead},
  year      = {1995},
  publisher = {Viking Penguin},
}
